<?xml version="1.0" encoding="UTF-8"?><collection xmlns="http://www.loc.gov/MARC21/slim"><record><leader>00355nam--2200133-i-4500</leader><controlfield tag="001">000029431</controlfield><controlfield tag="002">20161230</controlfield><controlfield tag="005">20161230201037</controlfield><controlfield tag="008">060222s1000------------r-----000-0-eng-d</controlfield><datafield ind1=" " ind2=" " tag="080"><subfield code="a">621.3.01(075.8)</subfield></datafield><datafield ind1=" " ind2=" " tag="100"><subfield code="a">A.Timotin, V.Hortopan</subfield></datafield><datafield ind1=" " ind2=" " tag="245"><subfield code="a">Lectii de bazele electrtehnicii</subfield></datafield><datafield ind1=" " ind2=" " tag="260"><subfield code="a">Bucuresti, Ed.Didactica Si Pedagogica, 1964. 486p</subfield></datafield><datafield ind1=" " ind2=" " tag="852"><subfield code="a">20695</subfield></datafield></record></collection>